@inproceedings{Beecks2009,
author = {Beecks, Christian and Uysal, Merih Seran and Seidl, Thomas},
title = {Signature Quadratic Form Distances for Content-Based Similarity},
year = {2009},
isbn = {9781605586083},
address = {New York, NY, USA},
url = {https://doi.org/10.1145/1631272.1631391},
doi = {10.1145/1631272.1631391},
booktitle = {Proceedings of the 17th ACM International Conference on Multimedia},
pages = {697–700},
numpages = {4},
keywords = {content-based similarity search, quadratic form distance, feature signatures},
location = {Beijing, China},
series = {MM ’09}
}

@article{Sipiran2017,
  title={Scalable 3D shape retrieval using local features and the signature quadratic form distance},
  author={Ivan Sipiran and Jakub Loko{\vc} and Benjamin Bustos and Tom{\'a}s Skopal},
  journal={The Visual Computer},
  year={2017},
  volume={33},
  pages={1571-1585}
}

@article{Qi2017,
  title={PointNet: Deep Learning on Point Sets for 3D Classification and Segmentation},
  author={Qi, Charles R and Su, Hao and Mo, Kaichun and Guibas, Leonidas J},
  journal={Proc. Computer Vision and Pattern Recognition (CVPR), IEEE},
  year={2017}
}

@INPROCEEDINGS{Wu2015, author={ {Zhirong Wu} and S. {Song} and A. {Khosla} and {Fisher Yu} and {Linguang Zhang} and {Xiaoou Tang} and J. {Xiao}}, booktitle={2015 IEEE Conference on Computer Vision and Pattern Recognition (CVPR)}, title={3D ShapeNets: A deep representation for volumetric shapes}, year={2015}, volume={}, number={}, pages={1912-1920},}